<?xml version="1.0" encoding="UTF-8"?><collection xmlns="http://www.loc.gov/MARC21/slim"><record><leader>00401nam--2200121-i-4500</leader><controlfield tag="001">000040940</controlfield><controlfield tag="002">20161230</controlfield><controlfield tag="005">20161230201042</controlfield><controlfield tag="008">060222s1000------------r-----000-0-eng-d</controlfield><datafield ind1=" " ind2=" " tag="245"><subfield code="a">Scientific and technological problems involved in using ionizing radiations for the preservation of food</subfield></datafield><datafield ind1=" " ind2=" " tag="260"><subfield code="a">London, Stationery Office, 1955. 192 P</subfield></datafield><datafield ind1=" " ind2=" " tag="490"><subfield code="a">Dep.Of Food Investigation Special Rep</subfield></datafield><datafield ind1=" " ind2=" " tag="852"><subfield code="a">12287</subfield></datafield></record></collection>